Automatically generated by Mendeley 1.9.2
Any changes to this file will be lost if it is regenerated by Mendeley.

@article{Kinigera,
annote = {Non pubblicato},
author = {Kiniger, Bernhard and Vexler, Boris},
file = {:C$\backslash$:/Users/Ivan/Documents/Polimi/AA 2012-13/Tesi magistrale/utility/kiniger\_vexler\_2011.pdf:pdf},
keywords = {Tesi,error estimates,existence and convergence of approximate solutions,finite elements,shape optimization},
mendeley-tags = {Tesi},
title = {{A priori error estimates for finite element discretizations of a shape optimization problem}}
}
@article{Kozono2012,
author = {Kozono, Hideo and Yanagisawa, Taku},
doi = {10.1007/s00229-012-0586-6},
file = {:C$\backslash$:/Users/Ivan/Documents/Polimi/AA 2012-13/Tesi magistrale/utility/LMinBanach1.pdf:pdf},
isbn = {0022901205},
issn = {0025-2611},
journal = {Manuscripta Mathematica},
keywords = {Tesi},
mendeley-tags = {Tesi},
month = nov,
number = {3-4},
pages = {637--662},
title = {{Generalized Lax-Milgram theorem in Banach spaces and its application to the elliptic system of boundary value problems}},
url = {http://link.springer.com/10.1007/s00229-012-0586-6},
volume = {141},
year = {2012}
}
@misc{Alnæs2011,
author = {Aln\ae s, Martin Sandve and Kirby, Robert C. and Langtangen, Hans Petter and Logg, Anders and Wells, Garth N.},
file = {:C$\backslash$:/Users/Ivan/Documents/Polimi/AA 2012-13/Tesi magistrale/fenics/fenics-manual-2011-10-31.pdf:pdf},
keywords = {Tesi},
mendeley-tags = {Tesi},
publisher = {FEniCS Project},
title = {{The FEniCS Manual - Excerpts from the FEniCS Book}},
year = {2011}
}
@book{Lienhard2012,
author = {Lienhard, John H. IV and Lienhard, John H. V},
edition = {4th},
file = {:C$\backslash$:/Users/Ivan/Documents/Dispense\&co/Lienhard J. H. IV and V - A heat transfer textbook.pdf:pdf},
keywords = {Fisica Tecnica},
mendeley-tags = {Fisica Tecnica},
publisher = {Phlogiston Press},
title = {{A Heat Transfer Textbook}},
url = {http://ahtt.mit.edu},
year = {2012}
}
@misc{TheMendeleySupportTeam2011,
abstract = {A quick introduction to Mendeley. Learn how Mendeley creates your personal digital library, how to organize and annotate documents, how to collaborate and share with colleagues, and how to generate citations and bibliographies.},
address = {London},
author = {{The Mendeley Support Team}},
booktitle = {Mendeley Desktop},
file = {:C$\backslash$:/Program Files (x86)/Mendeley Desktop/FAQ.pdf:pdf},
keywords = {Mendeley,how-to,user manual},
pages = {1--16},
publisher = {Mendeley Ltd.},
title = {{Getting Started with Mendeley}},
url = {http://www.mendeley.com},
year = {2011}
}
@inproceedings{Amrouche1991,
author = {Amrouche, Ch\'{e}rif and Girault, Vivette},
booktitle = {Proc. Japan Acad.},
file = {:C$\backslash$:/Users/Ivan/Documents/Polimi/AA 2012-13/Tesi magistrale/utility/StokesArbitraryDimension.pdf:pdf},
keywords = {Tesi},
mendeley-tags = {Tesi},
number = {5},
pages = {171--175},
title = {{On the Existence and Regularity of the Solution of Stokes Problem in Arbitrary Dimension}},
year = {1991}
}
@article{Eppler2007,
annote = {Kiniger [11]},
author = {Eppler, Karsten and Harbrecht, Helmut and Schneider, Reinhold},
doi = {10.1137/05062679X},
file = {:C$\backslash$:/Users/Ivan/Documents/Polimi/AA 2012-13/Tesi magistrale/Altre tesi/[11] On convergence in elliptic shape optimization.pdf:pdf},
issn = {0363-0129},
journal = {SIAM Journal on Control and Optimization},
keywords = {Tesi,existence and convergence of approximate solutions,optimality conditions,shape calculus,shape optimization},
mendeley-tags = {Tesi},
month = jan,
number = {1},
pages = {61--83},
title = {{On Convergence in Elliptic Shape Optimization}},
url = {http://epubs.siam.org/doi/abs/10.1137/05062679X},
volume = {46},
year = {2007}
}
@book{Temam1977,
author = {Temam, Roger},
file = {:C$\backslash$:/Users/Ivan/Documents/Polimi/AA 2012-13/Tesi magistrale/utility/Temam R. - Navier-Stokes equations theory and numerical analysis.pdf:pdf},
isbn = {0720428408},
publisher = {North-Holland},
title = {{Navier-Stokes equations - Theory and numerical analysis}},
year = {1977}
}
@book{Casella2002,
author = {Casella, G and Berger, R L},
edition = {Second},
editor = {Learning, Duxbury - Thomson},
file = {:C$\backslash$:/Users/Ivan/Documents/Dispense\&co/Casella, Berger - Statistical Inference.pdf:pdf},
keywords = {Statistica},
mendeley-tags = {Statistica},
title = {{Statistical Inference}},
year = {2002}
}
@incollection{Salsaa,
author = {Salsa, Sandro},
booktitle = {Corso EDP II},
file = {:C$\backslash$:/Users/Ivan/Documents/Dispense\&co/Analisi/Salsa - conslaws.pdf:pdf},
title = {leggi di conservazione}
}
@phdthesis{Porta2010,
author = {Porta, Giovanni Michele},
file = {:C$\backslash$:/Users/Ivan/AppData/Local/Mendeley Ltd./Mendeley Desktop/Downloaded/Porta - 2010 - ANISOTROPIC MESH ADAPTATION FOR SHALLOW WATER MODELING.pdf:pdf},
keywords = {SWE},
mendeley-tags = {SWE},
school = {Politecnico di Milano},
title = {{ANISOTROPIC MESH ADAPTATION FOR SHALLOW WATER MODELING}},
type = {Dottorato},
year = {2010}
}
@article{Brufau2002,
author = {Brufau, P. and V\`{a}zquez-Cend\`{o}n, M. E.},
file = {:C$\backslash$:/Users/Ivan/Dropbox/Elena\&Ivan/AnEDP2/Progetto ANEDP2/utility/[12] Medeiros.pdf:pdf},
journal = {Int. J. Numer. Meth. Fluids},
keywords = {SWE,complex flow domains,drying,flooding,irregular domains,unsteady flow},
mendeley-tags = {SWE},
number = {October 2001},
pages = {247--275},
title = {{A numerical model for the flooding and drying of irregular domains}},
volume = {39},
year = {2002}
}
@incollection{Chen2012,
author = {Chen, Long},
file = {:C$\backslash$:/Users/Ivan/Documents/Polimi/AA 2012-13/Tesi magistrale/utility/infsup.pdf:pdf},
keywords = {Numerica,Tesi},
mendeley-tags = {Numerica,Tesi},
pages = {1--8},
title = {{Inf-sup conditions}},
year = {2012}
}
@article{Ramaswamy1980,
author = {Ramaswamy, S.},
file = {:C$\backslash$:/Users/Ivan/Documents/Polimi/AA 2012-13/Tesi magistrale/utility/LMinBanach2.pdf:pdf},
journal = {Proc. Japan Acad.},
keywords = {Tesi},
mendeley-tags = {Tesi},
number = {A},
pages = {462--464},
title = {{The Lax-Milgram Theorem for Banach Spaces}},
volume = {56},
year = {1980}
}
@misc{I.Malossi,
author = {Malossi, A. Cristiano I. and Blanco, Pablo J and Crosetto, Paolo and Deparis, Simone and Quarteroni, Alfio},
file = {:C$\backslash$:/Users/Ivan/Documents/Polimi/AA 2012-13/Tesi magistrale/Altre tesi/articoli\_tesi\_formaggia/Malossi, Blanco, Crosetto\_2011\_Implicit coupling of onedimensional and three-dimensional blood-flow models with compliant vessels.pdf:pdf},
keywords = {blood flow models,coupling conditions,fluid-structure interaction,geometrical multiscale modeling,wave propagation},
title = {{Implicit coupling of one-dimensional and three-dimensional blood flow models with compliant vessels}}
}
@article{Mishra2009,
author = {Mishra, Siddhartha and Jaffr\'{e}, J\'{e}r\^{o}me},
doi = {10.1007/s10596-009-9135-0},
file = {:C$\backslash$:/Users/Ivan/AppData/Local/Mendeley Ltd./Mendeley Desktop/Downloaded/Mishra, Jaffr\'{e} - 2009 - On the upstream mobility scheme for two-phase flow in porous media.pdf:pdf},
issn = {1420-0597},
journal = {Computational Geosciences},
keywords = {Tesi Formaggia,entropy condition,finite difference method,finite volume method,hyperbolic conservation laws,two-phase flow in porous media,upstream mobilities},
mendeley-tags = {Tesi Formaggia},
month = may,
pages = {105--124},
title = {{On the upstream mobility scheme for two-phase flow in porous media}},
volume = {14},
year = {2010}
}
@article{Matr2013,
author = {Matr, Elena Bulgarello and Matr, Ivan Fumagalli},
file = {:C$\backslash$:/Users/Ivan/Dropbox/Elena\&Ivan/AnEDP2/Progetto ANEDP2/Presentazione/WettingAndDrying\_BulgarelloFumagalli.pdf:pdf},
title = {{Wetting and Drying : Shallow Water Equations Il problema}},
year = {2013}
}
@techreport{Ziane,
abstract = {The aim of this work is to study the regularity of solutions of Stokes type systems related to the large scale equations of the ocean and the primitive equations of the coupled system atmosphere-ocean, which have appeared in the work of J.L. Lions, R. Temam and S. Wang [LTW 1,2,3]. We prove various regularity results for strongly elliptic boundary value problems in cylinder-type domains with nonhomogeneous boundary conditions, as well as the H2-regularity for the Stokes-type system built into these equations.},
address = {Bloomington, Indiana},
author = {Ziane, Mohammed},
file = {:C$\backslash$:/Users/Ivan/Documents/Polimi/AA 2012-13/Tesi magistrale/utility/RegularityStokes\_Ziane.pdf:pdf},
institution = {Department of Mathematics \& The Institute for Scientific Computing and Applied Mathematics - Indiana University},
keywords = {Tesi},
mendeley-tags = {Tesi},
pages = {1--32},
title = {{REGULARITY RESULTS FOR STOKES TYPE SYSTEMS}}
}
@article{Bedivan1996,
author = {Bedivan, D M and Fix, G J},
file = {:C$\backslash$:/Users/Ivan/Documents/Polimi/AA 2012-13/Tesi magistrale/utility/[7] Gunzburger,Kim.pdf:pdf},
journal = {Applied Mathematics Letters},
keywords = {Decomposition theorem,Extension of vector-valued functions.,Tesi,Vector-vaiued function space,uniform extension property},
mendeley-tags = {Tesi},
number = {5},
pages = {17--20},
title = {{An Extension Theorem for the Space Hdiv}},
volume = {9},
year = {1996}
}
@phdthesis{Porta2010a,
author = {Porta, Giovanni Michele},
file = {:C$\backslash$:/Users/Ivan/Dropbox/Elena\&Ivan/AnEDP2/Progetto ANEDP2/utility/tesi\_comm.pdf:pdf},
keywords = {SWE},
mendeley-tags = {SWE},
school = {Politecnico di Milano},
title = {{Anisotropic mesh adaptation for Shallow Water modeling}},
type = {PhD},
year = {2010}
}
@article{Brufau2004,
author = {Brufau, P. and Garc\`{\i}a-Navarro, P. and V\`{a}zquez-Cend\`{o}n, M. E.},
doi = {10.1002/fld.729},
file = {:C$\backslash$:/Users/Ivan/Dropbox/Elena\&Ivan/AnEDP2/Progetto ANEDP2/utility/Zero mass error using unsteady wetting–drying conditions in.pdf:pdf},
journal = {Int. J. Numer. Meth. Fluids},
keywords = {SWE,complex topography,drying,numerical modelling,unsteady shallow ows,wetting},
mendeley-tags = {SWE},
number = {May},
pages = {1047--1082},
title = {{Zero mass error using unsteady wetting – drying conditions in shallow ows over dry irregular topography}},
volume = {45},
year = {2004}
}
@misc{DiNezza2010,
archivePrefix = {arXiv},
arxivId = {arXiv:1104.4345v2},
author = {{Di Nezza}, Eleonora and Palatucci, Giampiero and Valdinoci, Enrico},
eprint = {arXiv:1104.4345v2},
file = {:C$\backslash$:/Users/Ivan/Documents/Polimi/AA 2012-13/Tesi magistrale/utility/guidaSobolevFrazionari.pdf:pdf},
keywords = {Tesi},
mendeley-tags = {Tesi},
pages = {1--50},
title = {{HITCHHIKER’S GUIDE TO THE FRACTIONAL SOBOLEV SPACES}},
year = {2010}
}
@book{Nocedal1999,
author = {Nocedal, Jorge and Wright, Stephen J},
editor = {Glynn, Peter and Robinson, Stephen M},
file = {:C$\backslash$:/Users/Ivan/Documents/Dispense\&co/Ottimizzazione \& co/Nocedal J., Wright S. - Numerical Optimization.pdf:pdf},
isbn = {0387987932},
keywords = {Ottimizzazione},
mendeley-tags = {Ottimizzazione},
publisher = {Springer},
title = {{Numerical Optimization}},
year = {1999}
}
@book{Bhattacharya,
author = {Bhattacharya, Kaushnik},
keywords = {Tesi Biscari},
mendeley-tags = {Tesi Biscari},
publisher = {Oxford University Press},
title = {{Microstructure of Martensite}}
}
@article{Johnson1990,
author = {Johnson, Claes and Szepessy, Anders and Hansbo, Peter},
doi = {10.2307/2008684},
file = {:C$\backslash$:/Users/Ivan/Dropbox/Elena\&Ivan/AnEDP2/Progetto ANEDP2/utility/JohnSzep90.pdf:pdf},
issn = {00255718},
journal = {Mathematics of Computation},
keywords = {SWE},
mendeley-tags = {SWE},
month = jan,
number = {189},
pages = {107--129},
title = {{On the Convergence of Shock-Capturing Streamline Diffusion Finite Element Methods for Hyperbolic Conservation Laws}},
url = {http://www.jstor.org/stable/2008684?origin=crossref},
volume = {54},
year = {1990}
}
@article{Gunzburger2000,
annote = {Verani mi aveva proposto il [20], ma ho trovato solo questo...
        
Per avere i risultati di differenziabilit\`{a} (1 volta) per S e J, si usano i teoremi 3.2-3.3: per il primo basta la coercivit\`{a} uniforme (1.13), per il secondo serve anche una condizione su q' (NB q=alpha''), data da (3.21) (v.nota)},
author = {Gunzburger, Max D and Kim, Hongchul and Manservisi, Sandro},
file = {:C$\backslash$:/Users/Ivan/Documents/Polimi/AA 2012-13/Tesi magistrale/utility/gunzb\_kim\_Existence\_stationary\_NS.pdf:pdf},
journal = {Mathematical Modelling and Numerical Analysis},
keywords = {Tesi,drag minimization,navier-stokes equations,optimal design,shape control},
mendeley-tags = {Tesi},
number = {6},
pages = {1233--1258},
title = {{On a shape control problem for the stationary Navier-Stokes equations}},
volume = {34},
year = {2000}
}
@article{Brezzi1974,
author = {Brezzi, Franco},
file = {:C$\backslash$:/Users/Ivan/Documents/Dispense\&co/Numerica/Brezzi - On the existence uniqueness and approximation of saddle point problems arising from lagrangian multipliers.pdf:pdf},
journal = {Revue fran\c{c}aise d’automatique, informatique, recherche op\'{e}rationnelle. Analyse num\'{e}rique},
keywords = {Numerica,Tesi},
mendeley-tags = {Numerica,Tesi},
number = {2},
pages = {129--151},
title = {{On the existence uniqueness and approximation of saddle point problems arising from lagrangian multipliers}},
volume = {8},
year = {1974}
}
@book{Gurtin1981,
author = {Gurtin, M E},
file = {:C$\backslash$:/Users/Ivan/Documents/Dispense\&co/Gurtin M. E. - An Introduction to Continuum Mechanics - Academic Press, 1981 (ISBN 0123097509).pdf:pdf},
publisher = {Academic Press},
title = {{An Introduction to Continuum Mechanics}},
year = {1981}
}
@article{Mangeney2000,
author = {Mangeney, Anne and Heinrich, Philippe and Roche, Roger},
file = {:C$\backslash$:/Users/Ivan/Dropbox/Elena\&Ivan/AnEDP2/Progetto ANEDP2/utility/Analytica Solution for Testing Debris Avalanche Numerical Models.pdf:pdf},
journal = {Pure and Applied Geophysics},
keywords = {SWE,analytical solution,dam-break,debris avalanche,shallow-water model},
mendeley-tags = {SWE},
pages = {1081--1096},
title = {{Analytical Solution for Testing Debris Avalanche Numerical Models}},
volume = {157},
year = {2000}
}
@book{Boyd2009,
author = {Boyd, Stephen and Vandenberghe, Lieven},
doi = {10.1016/B978-012428751-8/50019-7},
file = {:C$\backslash$:/Users/Ivan/Documents/Dispense\&co/Ottimizzazione \& co/Boyd S., Vanderberghe L. - Convex Optimization.pdf:pdf},
isbn = {9780124287518},
keywords = {Ottimizzazione},
mendeley-tags = {Ottimizzazione},
publisher = {Cambridge University Press},
title = {{Convex Optimization}},
year = {2009}
}
@techreport{Berger1993,
address = {Vicksburg, MS},
author = {Berger, R.C. Jr.},
file = {:C$\backslash$:/Users/Ivan/Dropbox/Elena\&Ivan/AnEDP2/Progetto ANEDP2/utility/A\_Finite\_Element\_Scheme\_For\_Shock\_Capturing.pdf:pdf},
institution = {Hydraulics Laboratory - U.S. Army Corps of Engineers},
keywords = {SWE},
mendeley-tags = {SWE},
number = {August},
title = {{A Finite Element Scheme for Shock Capturing}},
year = {1993}
}
@phdthesis{Ballarin2011,
author = {Ballarin, Francesco},
file = {:C$\backslash$:/Users/Ivan/Documents/Polimi/AA 2012-13/Tesi magistrale/utility/ballarin.pdf:pdf},
keywords = {Tesi},
mendeley-tags = {Tesi},
title = {{OTTIMIZZAZIONE DI FORMA PER FLUSSI VISCOSI TRIDIMENSIONALI IN GEOMETRIE CARDIOVASCOLARI}},
year = {2011}
}
@book{Wolsey,
author = {Wolsey, Laurence A.},
editor = {Graham, Ronald L. and Karellenstra, Jan and Tarjan, Robert E.},
file = {:C$\backslash$:/Users/Ivan/Documents/Dispense\&co/Ottimizzazione \& co/Wolsey - Integer Programming.pdf:pdf},
keywords = {Ottimizzazione},
mendeley-tags = {Ottimizzazione},
publisher = {Wiley-Interscience Publication},
title = {{Integer Programming}}
}
@techreport{Fumagalli,
author = {Fumagalli, Ivan},
file = {:C$\backslash$:/Users/Ivan/Documents/Polimi/AA 2012-13/Tesi magistrale/Note.pdf:pdf;:C$\backslash$:/Users/Ivan/Documents/Polimi/AA 2012-13/Tesi magistrale/Note.tex:tex},
keywords = {Tesi},
mendeley-tags = {Tesi},
number = {I},
title = {{Note varie}},
volume = {1}
}
@article{Adimurthi2004,
author = {Adimurthi and Jaffr\'{e}, J\'{e}r\^{o}me and Gowda, G D Veerappa},
file = {:C$\backslash$:/Users/Ivan/AppData/Local/Mendeley Ltd./Mendeley Desktop/Downloaded/Adimurthi, Jaffr\'{e}, Gowda - 2004 - Godunov-type methods for conservation laws with a flux function discontinuous in space.pdf:pdf},
journal = {SIAM Journal on Numerical Analysis},
keywords = {Tesi Formaggia,conservation laws,discontinuous coefficients,finite difference,finite volume,flow in porous media},
mendeley-tags = {Tesi Formaggia},
number = {1},
pages = {179--208},
title = {{Godunov-type methods for conservation laws with a flux function discontinuous in space}},
volume = {42},
year = {2004}
}
@article{Dressler1952,
author = {Dressler, R.F.},
doi = {10.6028/jres.049.021},
file = {:C$\backslash$:/Users/Ivan/Dropbox/Elena\&Ivan/AnEDP2/Progetto ANEDP2/utility/Dressler.pdf:pdf},
issn = {0091-0635},
journal = {Journal of Research of the National Bureau of Standards},
keywords = {SWE},
mendeley-tags = {SWE},
month = sep,
number = {3},
pages = {217--225},
title = {{Hydraulic resistance effect upon the dam-break functions}},
url = {http://nvlpubs.nist.gov/nistpubs/jres/049/jresv49n3p217\_A1b.pdf},
volume = {49},
year = {1952}
}
@inproceedings{Kuhbacher2009,
author = {K\"{u}hbacher, Christian},
file = {:C$\backslash$:/Users/Ivan/Dropbox/Elena\&Ivan/AnEDP2/Progetto ANEDP2/utility/Kuehbacher2009\_derivazioneSWE.pdf:pdf},
keywords = {SWE},
mendeley-tags = {SWE},
title = {{Shallow Water - Derivation and Applications}},
year = {2009}
}
@article{Gavrilov2011,
author = {Gavrilov, V. S. and Sumin, M. I.},
doi = {10.1134/S0012266111040094},
file = {:C$\backslash$:/Users/Ivan/Documents/Polimi/AA 2012-13/Tesi magistrale/utility/parametric optimization hyperbolic.pdf:pdf},
issn = {0012-2661},
journal = {Differential Equations},
month = jun,
number = {4},
pages = {547--559},
title = {{Parametric optimization for a hyperbolic equation in divergence form with a pointwise state constraint: I}},
url = {http://link.springer.com/10.1134/S0012266111040094},
volume = {47},
year = {2011}
}
@article{Laumen2000,
author = {Laumen, Manfred},
file = {:C$\backslash$:/Users/Ivan/Documents/Polimi/AA 2012-13/Tesi magistrale/utility/Laumen.pdf:pdf},
journal = {SIAM Journal on Control and Optimization},
keywords = {Newton's method,Tesi,optimal control,optimal shape design},
mendeley-tags = {Tesi},
number = {2},
pages = {503--533},
title = {{Newton's method for a class of optimal shape design problems}},
volume = {10},
year = {2000}
}
@book{Quarteroni2008a,
author = {Quarteroni, Alfio and Valli, Alberto},
file = {:C$\backslash$:/Users/Ivan/Documents/Dispense\&co/Numerica/Quarteroni, Valli - Numerical Approximation of Partial Differential Equations - Springer, Series in Computational Mathematics.djvu:djvu},
keywords = {Numerica},
mendeley-tags = {Numerica},
publisher = {Springer, Series in Computational Mathematics},
title = {{Numerical Approximation of Partial Differential Equations}},
year = {2008}
}
@article{Chanson2006,
author = {Chanson, H},
file = {:C$\backslash$:/Users/Ivan/Dropbox/Elena\&Ivan/AnEDP2/Progetto ANEDP2/utility/chanson\_stratolimiteDressler.pdf:pdf},
isbn = {0415408156},
journal = {River Flow},
keywords = {SWE},
mendeley-tags = {SWE},
pages = {465--474},
title = {{Analytical solutions of laminar and turbulent dam break wave}},
year = {2006}
}
@book{Ladyzhenskaya1969,
author = {Ladyzhenskaya, O. A.},
edition = {2nd, revis},
editor = {Silverman, Richard A. and Chu, John},
file = {:C$\backslash$:/Users/Ivan/Documents/Polimi/AA 2012-13/Tesi magistrale/utility/Ladyzhenskaya,\_The\_Math.Theory\_of\_Viscous\_Incompressible\_Flow,1987.pdf:pdf},
keywords = {Numerica},
mendeley-tags = {Numerica},
publisher = {Gordon and Breach Science Publishers},
title = {{The\_Mathematical Theory of Viscous Incompressible Flow}},
year = {1969}
}
@article{Hu2000,
author = {Hu, K and Mingham, C G and Causon, D M},
file = {:C$\backslash$:/Users/Ivan/Dropbox/Elena\&Ivan/AnEDP2/Progetto ANEDP2/utility/Numerical simulation of wave overtopping of coastal structures using the non-linear shallow water equations.pdf:pdf},
isbn = {4417332622},
journal = {Coastal Engineering},
keywords = {SWE,finite volume method,nonlinear shallow water equations,wave overtopping},
mendeley-tags = {SWE},
pages = {433--465},
title = {{Numerical simulation of wave overtopping of coastal structures using the non-linear shallow water equations}},
volume = {41},
year = {2000}
}
@article{Heniche2000,
abstract = {A new finite element model has been developed to simulate two-dimensional free surface flow in rivers and estuaries. The variables of the model are the speci®c discharge and the water level. The algorithm takes into account the natural boundaries of the flow, defined by the contour lines of zero depth, with a new approach that accepts positive and negative values for the water depth. In this way, we consider a wet or dry area when the water depth is positive or negative respectively. A 6-node triangular element and an implicit Euler scheme are respectively used for spatial and time discretization of the mathematical model. The solution procedure is based on the inexact Newton-GMRES type solver with incomplete factorization as preconditioning. The numerical results of the proposed approach are in good agreement with an analytic solution and also with the classical approach.},
author = {Heniche, Mourad and Secretan, Yves and Boudreau, Paul and Leclerc, Michel},
file = {:C$\backslash$:/Users/Ivan/Dropbox/Elena\&Ivan/AnEDP2/Progetto ANEDP2/utility/9fcfd50a3b18fa4b56.pdf:pdf},
journal = {Advances in Water Resources},
keywords = {SWE,conservative form,free surface flow,mixed finite element,moving boundary,shallow water},
mendeley-tags = {SWE},
pages = {359--372},
title = {{A two-dimensional finite element drying-wetting shallow water model for rivers and estuaries}},
volume = {23},
year = {2000}
}
@article{Precup2012,
author = {Precup, Radu},
doi = {10.1515/9783110269055.149},
file = {:C$\backslash$:/Users/Ivan/Documents/Polimi/AA 2012-13/Tesi magistrale/utility/sobolev\_spaces.pdf:pdf},
isbn = {9783110269055},
month = jan,
pages = {12--24},
title = {{Chapter 7. Sobolev Spaces}},
year = {2012}
}
@techreport{MOX22/2013,
address = {Milano},
author = {Falcone, Maurizio and Verani, Marco},
file = {:C$\backslash$:/Users/Ivan/Documents/Polimi/AA 2012-13/Tesi magistrale/utility/Recent Results in Shape Optimization and Optimal Control for PDEs.pdf:pdf},
institution = {MOX},
keywords = {Tesi},
mendeley-tags = {Tesi},
number = {22},
title = {{Recent Results in Shape Optimization and Optimal Control for PDEs}},
year = {2013}
}
@phdthesis{Lencina2007,
author = {Lencina, Ignacio Valc\`{a}rel},
file = {:C$\backslash$:/Users/Ivan/Dropbox/Elena\&Ivan/AnEDP2/Progetto ANEDP2/utility/comparisons1d2d\_dambreak.pdf:pdf},
keywords = {SWE},
mendeley-tags = {SWE},
number = {May},
school = {KTH},
title = {{COMPARISON BETWEEN 1D AND 2D MODELS TO ANALYZE THE DAM BREAK WAVE USING THE FEM METHOD AND THE SHALLOW WATER}},
type = {MSc},
url = {http://www2.lwr.kth.se/Publikationer/PDF\_Files/LWR\_EX\_07\_17.PDF},
year = {2007}
}
@phdthesis{Manzoni2008,
author = {Manzoni, Andrea},
file = {:C$\backslash$:/Users/Ivan/Documents/Polimi/AA 2012-13/Tesi magistrale/utility/manzoni.pdf:pdf},
keywords = {Tesi},
mendeley-tags = {Tesi},
title = {{OTTIMIZZAZIONE DI FORMA PER PROBLEMI DI FLUIDODINAMICA : ANALISI TEORICA E METODI NUMERICI}},
year = {2008}
}
@phdthesis{Edom2008,
author = {Edom, Elisabeth},
file = {:C$\backslash$:/Users/Ivan/Dropbox/Elena\&Ivan/AnEDP2/Progetto ANEDP2/utility/EPFL Dam Break.pdf:pdf},
keywords = {SWE},
mendeley-tags = {SWE},
school = {EPFL},
title = {{Numerical Calculation of the Dam-Break Riemann Problem with a Detailed Method and Comparison with a Simplified Method}},
year = {2008}
}
@phdthesis{Hudson2001,
author = {Hudson, Justin},
file = {:C$\backslash$:/Users/Ivan/Dropbox/Elena\&Ivan/AnEDP2/Progetto ANEDP2/utility/J\_hudson\_thesis.pdf:pdf},
keywords = {SWE},
mendeley-tags = {SWE},
number = {October},
school = {Reading},
title = {{Numerical Techniques for Morphodynamic Modelling}},
type = {Doctor of Philosophy},
year = {2001}
}
@inproceedings{Dietrich2005,
author = {Dietrich, J C and Westerink, J J and Kolar, R L},
file = {:C$\backslash$:/Users/Ivan/Dropbox/Elena\&Ivan/AnEDP2/Progetto ANEDP2/utility/Refinements in Continuous Galerkin WD Algorithms.pdf:pdf},
keywords = {SWE},
mendeley-tags = {SWE},
pages = {1--19},
title = {{Refinements in Continuous Galerkin Wetting and Drying Algorithms}},
year = {2005}
}
@article{Horritt2002,
author = {Horritt, M. S.},
doi = {10.1002/nme.529},
file = {:C$\backslash$:/Users/Ivan/Dropbox/Elena\&Ivan/AnEDP2/Progetto ANEDP2/utility/wdhorritt.pdf:pdf},
issn = {0029-5981},
journal = {International Journal for Numerical Methods in Engineering},
keywords = {SWE,finite element method,shallow water flow,wetting and drying},
mendeley-tags = {SWE},
month = nov,
number = {7},
pages = {835--851},
title = {{Evaluating wetting and drying algorithms for finite element models of shallow water flow}},
url = {http://doi.wiley.com/10.1002/nme.529},
volume = {55},
year = {2002}
}
@article{Kuiry2010,
author = {Kuiry, Soumendra Nath and Ding, Yan and Wang, Sam S.Y.},
doi = {10.1016/j.compfluid.2010.07.015},
file = {:C$\backslash$:/Users/Ivan/Dropbox/Elena\&Ivan/AnEDP2/Progetto ANEDP2/utility/Modelling coastal barrier breaching ﬂows with well-balanced chock-capturing technique.pdf:pdf},
issn = {00457930},
journal = {Computers \& Fluids},
keywords = {Coastal flow,Finite volume method,Process-based Model,Radiation stress,SWE,Storm surge,Supercritical flow,shallow water equations},
mendeley-tags = {SWE},
month = dec,
number = {10},
pages = {2051--2068},
publisher = {Elsevier Ltd},
title = {{Modelling coastal barrier breaching flows with well-balanced shock-capturing technique}},
url = {http://linkinghub.elsevier.com/retrieve/pii/S0045793010001908},
volume = {39},
year = {2010}
}
@incollection{Quarteroni2011,
author = {Quarteroni, Alfio},
chapter = {11.9},
file = {:C$\backslash$:/Users/Ivan/Documents/Dispense\&co/Numerica/DiscontinuousGalerkin\_\_supporto\_a\_Quarteroni.pdf:pdf},
keywords = {Numerica},
mendeley-tags = {Numerica},
pages = {314--326},
title = {{Il metodo di Galerkin discontinuo (DG)}},
year = {2011}
}
@article{Balzano1998,
author = {Balzano, Andrea},
journal = {Coastal Engineering},
keywords = {SWE},
mendeley-tags = {SWE},
number = {107},
title = {{Evaluation of methods for numerical simulation of wetting and drying in shallow water flow models}},
volume = {83},
year = {1998}
}
@phdthesis{Kroon2009,
author = {Kroon, Anna},
file = {:C$\backslash$:/Users/Ivan/Dropbox/Elena\&Ivan/AnEDP2/Progetto ANEDP2/utility/Finalreport.pdf:pdf},
keywords = {SWE},
mendeley-tags = {SWE},
school = {Delft University of Technology},
title = {{Implementation of a wetting and drying algorithm in a finite element model}},
type = {MSc},
year = {2009}
}
@incollection{Salsa,
author = {Salsa, Sandro},
booktitle = {Corso EDP II},
file = {:C$\backslash$:/Users/Ivan/Documents/Dispense\&co/Analisi/Salsa - controllo.pdf:pdf},
keywords = {Analisi,Tesi},
mendeley-tags = {Analisi,Tesi},
number = {I},
title = {controllo},
year = {2012}
}
@techreport{Fumagalli2012,
author = {Fumagalli, Alessio and Scotti, Anna},
file = {:C$\backslash$:/Users/Ivan/Documents/Polimi/AA 2012-13/Tesi magistrale/Altre tesi/MOX-44-2012.pdf:pdf},
institution = {MOX},
keywords = {Tesi Formaggia},
mendeley-tags = {Tesi Formaggia},
number = {44},
title = {{MOX–Report No. 44/2012 A numerical method for two-phase flow in fractured porous media with non-matching grids}},
year = {2012}
}
@article{Kesserwani2010,
author = {Kesserwani, Georges and Liang, Qiuhua},
doi = {10.1016/j.cma.2010.07.007},
file = {:C$\backslash$:/Users/Ivan/AppData/Local/Mendeley Ltd./Mendeley Desktop/Downloaded/Kesserwani, Liang - 2010 - A discontinuous Galerkin algorithm for the two-dimensional shallow water equations.pdf:pdf},
issn = {00457825},
journal = {Computer Methods in Applied Mechanics and Engineering},
keywords = {Discontinuous Galerkin discretization,Friction effects,Godunov-type fluxes,SWE,Well-balanced scheme,Wetting and drying,shallow water equations},
mendeley-tags = {SWE},
month = dec,
number = {49-52},
pages = {3356--3368},
publisher = {Elsevier B.V.},
title = {{A discontinuous Galerkin algorithm for the two-dimensional shallow water equations}},
url = {http://linkinghub.elsevier.com/retrieve/pii/S0045782510002197},
volume = {199},
year = {2010}
}
@article{Zhang2011,
author = {Zhang, Shiyan and Duan, Jennifer G.},
doi = {10.1016/j.jhydrol.2011.05.010},
file = {:C$\backslash$:/Users/Ivan/Dropbox/Elena\&Ivan/AnEDP2/Progetto ANEDP2/utility/1D ﬁnite volume model of unsteady ﬂow over mobile bed.pdf:pdf},
issn = {00221694},
journal = {Journal of Hydrology},
keywords = {Fluvial process,Godunov method,Non-equilibrium sediment transpor,Numerical scheme,SWE,Shallow water equation,finite volume method},
mendeley-tags = {SWE},
month = jul,
number = {1-2},
pages = {57--68},
publisher = {Elsevier B.V.},
title = {{1D finite volume model of unsteady flow over mobile bed}},
url = {http://linkinghub.elsevier.com/retrieve/pii/S0022169411003209},
volume = {405},
year = {2011}
}
@article{Formaggia2012,
author = {Formaggia, Luca and Quarteroni, Alfio and Vergara, Christian},
doi = {10.1016/j.jcp.2012.08.001},
file = {:C$\backslash$:/Users/Ivan/Documents/Polimi/AA 2012-13/Tesi magistrale/Altre tesi/articoli\_tesi\_formaggia/Formaggia, Quarteroni, Vergara\_2012\_On the physical consistency between three-dimensional and one-dimensional models in haemodynamics.pdf:pdf},
issn = {00219991},
journal = {Journal of Computational Physics},
month = aug,
publisher = {Elsevier Inc.},
title = {{On the physical consistency between three-dimensional and one-dimensional models in haemodynamics}},
url = {http://linkinghub.elsevier.com/retrieve/pii/S0021999112004342},
year = {2012}
}
@article{Delestre2012,
archivePrefix = {arXiv},
arxivId = {arXiv:1110.0288v3},
author = {Delestre, O and Lucas, C. and Ksinant, P.-A. and Darboux, F. and Laguerre, C. and Vo, T N T and James, F. and Cordier, S.},
eprint = {arXiv:1110.0288v3},
file = {:C$\backslash$:/Users/Ivan/Dropbox/Elena\&Ivan/AnEDP2/Progetto ANEDP2/utility/SWASHES compilation of Shallow Water Analytic Solutions for Hydraulic and Environmental Studies.pdf:pdf},
journal = {International Journal for Numerical Methods in Fluids},
keywords = {SWE,analytic solutions,benchmarking,shallow-water equation,source terms,steady-state flow,transitory flow,validation of numerical methods},
mendeley-tags = {SWE},
number = {3},
pages = {269--300},
title = {{SWASHES : a compilation of Shallow Water Analytic Solutions for Hydraulic and Environmental Studies}},
url = {http://www.univ-orleans.fr/mapmo/soft/SWASHES},
volume = {72},
year = {2013}
}
@article{Dutt2009,
author = {Dutt, Pravir and Lamba, Subir Singh},
doi = {10.1007/s12044-009-0023-2},
file = {:C$\backslash$:/Users/Ivan/Dropbox/Elena\&Ivan/AnEDP2/Progetto ANEDP2/utility/Dutt\_DDforHyperbolic.pdf:pdf},
issn = {0253-4142},
journal = {Proceedings - Mathematical Sciences},
keywords = {boundaries,domain decomposition method,finite speed of propagation,parallel preconditioners,pulsating,stability estimates},
month = jul,
number = {2},
pages = {231--249},
title = {{Domain decomposition methods for hyperbolic problems}},
url = {http://link.springer.com/10.1007/s12044-009-0023-2},
volume = {119},
year = {2009}
}
@book{Rudin1970,
author = {Rudin, Walter},
edition = {Internatio},
file = {:C$\backslash$:/Users/Ivan/AppData/Local/Mendeley Ltd./Mendeley Desktop/Downloaded/Rudin - 1970 - Real and Complex Analysis.pdf:pdf},
keywords = {Analisi},
mendeley-tags = {Analisi},
publisher = {McGraw-Hill},
title = {{Real and Complex Analysis}},
year = {1970}
}
@article{Porta2011,
author = {Porta, Giovanni Michele and Perotto, Simona and Ballio, Francesco},
doi = {10.1002/fld.2688},
file = {:C$\backslash$:/Users/Ivan/AppData/Local/Mendeley Ltd./Mendeley Desktop/Downloaded/Porta, Perotto, Ballio - 2011 - Anisotropic mesh adaptation driven by a recovery-based error estimator for shallow water flow modeling.pdf:pdf},
journal = {Int. J. Numer. Meth. Fluids},
keywords = {anisotropic mesh adaptation,recovery-based error estimator,shallow water equations,stabilized finite elements},
title = {{Anisotropic mesh adaptation driven by a recovery-based error estimator for shallow water flow modeling}},
url = {http://onlinelibrary.wiley.com/doi/10.1002/fld.2688/full},
year = {2011}
}
@incollection{Tallini,
author = {Tallini, D.},
file = {:C$\backslash$:/Users/Ivan/Documents/Dispense\&co/Analisi/Tallini D. - Analisi Funzionale.pdf:pdf},
title = {{Analisi Funzionale}}
}
@book{Quarteroni2008,
author = {Quarteroni, Alfio},
edition = {4°},
file = {:C$\backslash$:/Users/Ivan/Documents/Dispense\&co/Numerica/Quarteroni - Modellistica Numerica Per Problemi Differenziali.pdf:pdf},
isbn = {9788847008410},
keywords = {Numerica},
mendeley-tags = {Numerica},
publisher = {Springer},
title = {{Modellistica Numerica per Problemi Differenziali}},
year = {2008}
}
@misc{Samakovlija2013,
address = {Milano},
author = {Samakovlija, Marcella and Muratori, Ilaria},
file = {:C$\backslash$:/Users/Ivan/Documents/Polimi/AA 2012-13/Tesi magistrale/Corso-Tesi\_giugno\_ITALIANO.pdf:pdf},
keywords = {PoliMi},
mendeley-tags = {PoliMi},
title = {{Tesi in Corso; Sessione giugno-luglio 2013}},
year = {2013}
}
@book{Kolmogorov,
author = {Kolmogorov, A. N. and Fomin, S.V.},
editor = {Silverman, R A},
file = {:C$\backslash$:/Users/Ivan/Documents/Dispense\&co/Analisi/Kolmogorov A. N., Fomin S.V. - Introductory Real Analysis - Dover.pdf:pdf},
keywords = {Analisi},
mendeley-tags = {Analisi},
publisher = {Dover publications},
title = {{Introductory Real Analysis}}
}
@misc{-,
author = {-},
file = {:C$\backslash$:/Users/Ivan/Documents/Dispense\&co/Analisi/pde-ellip-reg.pdf:pdf},
number = {1},
pages = {1--5},
title = {{Some Notes on Elliptic Regularity}},
volume = {1}
}
@incollection{Peiro2009,
author = {Peir\`{o}, Joaquim and Veneziani, Alessandro},
booktitle = {Cardiovascular Mathematics. Modelling and simulation of the circulatory system},
chapter = {10},
file = {:C$\backslash$:/Users/Ivan/AppData/Local/Mendeley Ltd./Mendeley Desktop/Downloaded/Peir\`{o}, Veneziani - 2009 - Reduced models of the cardiovascular system.pdf:pdf},
publisher = {Springer},
title = {{Reduced models of the cardiovascular system}},
year = {2009}
}
@article{Aureli2008,
author = {Aureli, F. and Maranzoni, A. and Mignosa, P. and Ziveri, C.},
doi = {10.1016/j.advwatres.2008.03.005},
file = {:C$\backslash$:/Users/Ivan/Dropbox/Elena\&Ivan/AnEDP2/Progetto ANEDP2/utility/Aureli\_2008.pdf:pdf},
issn = {03091708},
journal = {Advances in Water Resources},
keywords = {SWE,finite volume schemes,shallow water equations,surface gradient method},
mendeley-tags = {SWE},
month = jul,
number = {7},
pages = {962--974},
title = {{A weighted surface-depth gradient method for the numerical integration of the 2D shallow water equations with topography}},
url = {http://linkinghub.elsevier.com/retrieve/pii/S0309170808000468},
volume = {31},
year = {2008}
}
@book{Gunzburger2003,
address = {Philadelphia},
author = {Gunzburger, Max D},
booktitle = {Applied Mechanics Reviews},
doi = {10.1115/1.1623758},
edition = {SIAM},
file = {:C$\backslash$:/Users/Ivan/Documents/Dispense\&co/Gunzburger M. - Perspectives in Flow Control and Optimization - SOLO INDICE.pdf:pdf;:C$\backslash$:/Users/Ivan/Documents/Dispense\&co/Gunzburger M. - Perspectives in Flow Control and Optimization.djvu:djvu},
issn = {00036900},
keywords = {Tesi},
mendeley-tags = {Tesi},
number = {6},
title = {{Perspectives in Flow Control and Optimization}},
url = {http://appliedmechanicsreviews.asmedigitalcollection.asme.org/article.aspx?articleid=1397853},
volume = {56},
year = {2003}
}
@misc{Pantieri2012,
author = {Pantieri, Lorenzo and Gordini, Tommaso},
file = {:C$\backslash$:/Users/Ivan/Documents/Polimi/AA 2012-13/Tesi magistrale/ArteLaTeX.pdf:pdf},
keywords = {latex,tex},
publisher = {Gruppo Utilizzatori Italiani di TeX e LaTeX},
title = {{ArteLaTeX}},
year = {2012}
}
@misc{Cook1992,
abstract = {These notes are based on Roger Temam’s book on the Navier-Stokes equations. They cover the well-posedness and regularity results for the stationary Stokes equation for a bounded domain.},
author = {Cook, John D},
file = {:C$\backslash$:/Users/Ivan/Documents/Polimi/AA 2012-13/Tesi magistrale/utility/Cook\_IntroStokes.pdf:pdf},
keywords = {Tesi},
mendeley-tags = {Tesi},
pages = {1--5},
title = {{Introduction to Stokes’ Equation}},
volume = {2},
year = {1992}
}
